@misc {Yallop,
    title = {A new check that 'let rec' bindings are well formed},
    howpublished = {\url{https://github.com/ocaml/ocaml/pull/556}},
    author = {Jeremy Yallop},
    note = {Accessed: 2018-07-02}
}

@misc {SchererRules,
    howpublished =
    {\url{https://github.com/ocaml/ocaml/pull/556#issuecomment-329750085}},
    author = {Gabriel Scherer},
    note = {Accessed: 2018-07-02}
}
